@LISC{Hasabnis2014,
  title={Lifting assembly to intermediate representation: A novel approach leveraging compilers},
  author={Hasabnis, Niranjan and Sekar, R},
  booktitle={Proceedings of the Twenty-First International Conference on Architectural Support for Programming Languages and Operating Systems},
  pages={311--324},
  year={2016},
  organization={ACM}
}

@misc{LISC,
  title = {LISC - Learning Instruction Semantics From Code Generators},
  howpublished = {\url{http://seclab.cs.sunysb.edu/seclab/lisc/}},
  note = {Accessed: 2016-11-17}
}

@misc{Pin,
  title = {Pin - A Dynamic Binary Instrumentation Tool},
  howpublished = {\url{https://software.intel.com/en-us/articles/pin-a-dynamic-binary-instrumentation-tool}},
  note = {Accessed: 2016-09-15}
}

